<?xml version="1.0" encoding="UTF-8" ?><marc:collection xmlns:marc="http://www.loc.gov/MARC21/slim" xmlns:xsi="http://www.w3.org/2001/XMLSchema-instance" xsi:schemaLocation="http://www.loc.gov/MARC21/slim http://www.loc.gov/standards/marcxml/schema/MARC21slim.xsd">
<marc:record><marc:leader>02733cam a22004937i 4500</marc:leader>
<marc:controlfield tag="001">b12636903</marc:controlfield>
<marc:controlfield tag="003">UaCaAUL</marc:controlfield><marc:controlfield tag="005">20191008032541.0</marc:controlfield><marc:controlfield tag="008">931020s1947    ua       b    001 i ara  </marc:controlfield><marc:datafield tag="010" ind1=" " ind2=" "><marc:subfield code="a">93220227</marc:subfield></marc:datafield><marc:datafield tag="035" ind1=" " ind2=" "><marc:subfield code="a">(OCoLC)44102414</marc:subfield></marc:datafield><marc:datafield tag="040" ind1=" " ind2=" "><marc:subfield code="a">DLC-R</marc:subfield><marc:subfield code="b">eng</marc:subfield><marc:subfield code="e">rda</marc:subfield><marc:subfield code="c">DLC</marc:subfield><marc:subfield code="d">LGG</marc:subfield><marc:subfield code="d">A7U</marc:subfield><marc:subfield code="d">OCLCQ</marc:subfield><marc:subfield code="d">OCLCO</marc:subfield><marc:subfield code="d">OCLCF</marc:subfield><marc:subfield code="d">OCLCQ</marc:subfield><marc:subfield code="d">OCLCO</marc:subfield><marc:subfield code="d">OCL</marc:subfield><marc:subfield code="d">MEAUC</marc:subfield></marc:datafield><marc:datafield tag="050" ind1=" " ind2="4"><marc:subfield code="a">PJ7750.I422</marc:subfield><marc:subfield code="b">R37x 1947</marc:subfield></marc:datafield><marc:datafield tag="066" ind1=" " ind2=" "><marc:subfield code="c">(3</marc:subfield></marc:datafield><marc:datafield tag="090" ind1=" " ind2=" "><marc:subfield code="a">PJ7750.I422</marc:subfield><marc:subfield code="b">R37x 1947</marc:subfield></marc:datafield><marc:datafield tag="100" ind1="1" ind2=" "><marc:subfield code="6">880-01</marc:subfield><marc:subfield code="a">Ṣāḥib al-Ṭālqānī, Abū al-Qāsim Ismāʻīl ibn ʻAbbād,</marc:subfield><marc:subfield code="d">936-995.</marc:subfield></marc:datafield><marc:datafield tag="240" ind1="1" ind2="0"><marc:subfield code="a">Correspondence.</marc:subfield><marc:subfield code="k">Selections.</marc:subfield></marc:datafield><marc:datafield tag="245" ind1="1" ind2="0"><marc:subfield code="6">880-02</marc:subfield><marc:subfield code="a">Rasāʼil al-Ṣāḥib ibn ʻAbbād /</marc:subfield><marc:subfield code="c">ṣaḥḥaḥahā wa-qaddama la-hā ʻAbd al-Wahhāb ʻAzzām, ʻamīd Kullīyat al-Ādāb bi-Jāmiʻat Fuʼād al-Awwal, Shawqī Ḍayf, mudarris bi-Kullīyat al-Ādāb bi-Jāmiʻat Fuʼād al-Awwal.</marc:subfield></marc:datafield><marc:datafield tag="250" ind1=" " ind2=" "><marc:subfield code="6">880-03</marc:subfield><marc:subfield code="a">al-Ṭabʻah al-ūlá.</marc:subfield></marc:datafield><marc:datafield tag="264" ind1=" " ind2="1"><marc:subfield code="6">880-04</marc:subfield><marc:subfield code="a">al-Qāhirah :</marc:subfield><marc:subfield code="b">al-nāshir Dār al-Fikr al-ʻArabī,</marc:subfield><marc:subfield code="c">1366 H,  [1947]</marc:subfield></marc:datafield><marc:datafield tag="300" ind1=" " ind2=" "><marc:subfield code="a">22, 260 pages ;</marc:subfield><marc:subfield code="c">24 cm.</marc:subfield></marc:datafield><marc:datafield tag="336" ind1=" " ind2=" "><marc:subfield code="a">text</marc:subfield><marc:subfield code="b">txt</marc:subfield><marc:subfield code="2">rdacontent.</marc:subfield></marc:datafield><marc:datafield tag="337" ind1=" " ind2=" "><marc:subfield code="a">unmediated</marc:subfield><marc:subfield code="b">n</marc:subfield><marc:subfield code="2">rdamedia.</marc:subfield></marc:datafield><marc:datafield tag="338" ind1=" " ind2=" "><marc:subfield code="a">volume</marc:subfield><marc:subfield code="b">nc</marc:subfield><marc:subfield code="2">rdacarrier.</marc:subfield></marc:datafield><marc:datafield tag="500" ind1=" " ind2=" "><marc:subfield code="6">880-05</marc:subfield><marc:subfield code="a">Introduction dated: al-Qāhirah fī Shawwāl 1366 H.</marc:subfield></marc:datafield><marc:datafield tag="500" ind1=" " ind2=" "><marc:subfield code="a">Selections from al-Ṣāḥib's Dīwān al-rasāʼil.</marc:subfield></marc:datafield><marc:datafield tag="504" ind1=" " ind2=" "><marc:subfield code="a">Includes bibliographical references and indexes.</marc:subfield></marc:datafield><marc:datafield tag="530" ind1=" " ind2=" "><marc:subfield code="a">Also issued online.</marc:subfield></marc:datafield><marc:datafield tag="600" ind1="1" ind2="0"><marc:subfield code="6">880-06</marc:subfield><marc:subfield code="a">Ṣāḥib al-Ṭālqānī, Abū al-Qāsim Ismāʻīl ibn ʻAbbād,</marc:subfield><marc:subfield code="d">936-995</marc:subfield><marc:subfield code="x">Correspondence.</marc:subfield></marc:datafield><marc:datafield tag="700" ind1="1" ind2=" "><marc:subfield code="6">880-07</marc:subfield><marc:subfield code="a">ʻAzzām, ʻAbd al-Wahhāb.</marc:subfield></marc:datafield><marc:datafield tag="700" ind1="1" ind2=" "><marc:subfield code="6">880-08</marc:subfield><marc:subfield code="a">Ḍayf, Shawqī.</marc:subfield></marc:datafield><marc:datafield tag="880" ind1="1" ind2="0"><marc:subfield code="6">240-00/(3/r</marc:subfield><marc:subfield code="a">مراسلات.</marc:subfield></marc:datafield><marc:datafield tag="880" ind1="1" ind2=" "><marc:subfield code="6">100-01/(3/r</marc:subfield><marc:subfield code="a">صاحب الطالقاني، أبو القاسم إسماعيل بن عباد،‪</marc:subfield><marc:subfield code="d">936-995.</marc:subfield></marc:datafield><marc:datafield tag="880" ind1="1" ind2="0"><marc:subfield code="6">245-02/(3/r</marc:subfield><marc:subfield code="a">رسائل الصاحب بن عباد /‪</marc:subfield><marc:subfield code="c">صححها وقدم لها عبد الوهاب عزام، عميد كلية الآداب بجامعة فؤاد الأول، شوقي ضيف، مدرس بكلية الآداب بجامعة فؤاد الأول..</marc:subfield></marc:datafield><marc:datafield tag="880" ind1=" " ind2=" "><marc:subfield code="6">250-03/(3/r</marc:subfield><marc:subfield code="a">الطبعة الأولى..</marc:subfield></marc:datafield><marc:datafield tag="880" ind1=" " ind2="1"><marc:subfield code="6">264-04/(3/r</marc:subfield><marc:subfield code="a">القاهرة :‪</marc:subfield><marc:subfield code="b">الناشر دار الفكر العربي،‪</marc:subfield><marc:subfield code="c">1366 ه،  [1947]</marc:subfield></marc:datafield><marc:datafield tag="880" ind1=" " ind2=" "><marc:subfield code="6">500-05/(3/r</marc:subfield><marc:subfield code="a">Introduction dated: القاهرة في شوال 1366 ه..</marc:subfield></marc:datafield><marc:datafield tag="880" ind1="1" ind2="4"><marc:subfield code="6">600-06/(3/r</marc:subfield><marc:subfield code="a">صاحب الطالقاني، ابو القاسم اسماعيل بن عباد،‪</marc:subfield><marc:subfield code="d">936-995</marc:subfield><marc:subfield code="x">مراسلات..</marc:subfield></marc:datafield><marc:datafield tag="880" ind1="1" ind2=" "><marc:subfield code="6">700-07/(3/r</marc:subfield><marc:subfield code="a">عزام، عبد الوهاب..</marc:subfield></marc:datafield><marc:datafield tag="880" ind1="1" ind2=" "><marc:subfield code="6">700-08/(3/r</marc:subfield><marc:subfield code="a">ضيف، شوقي..</marc:subfield></marc:datafield><marc:datafield tag="907" ind1=" " ind2=" "><marc:subfield code="a">.b12636903</marc:subfield><marc:subfield code="b">main </marc:subfield></marc:datafield><marc:datafield tag="902" ind1=" " ind2=" "><marc:subfield code="a">191118</marc:subfield></marc:datafield><marc:datafield tag="998" ind1=" " ind2=" "><marc:subfield code="b">2</marc:subfield><marc:subfield code="c">010404</marc:subfield><marc:subfield code="d">m</marc:subfield><marc:subfield code="e">~</marc:subfield><marc:subfield code="f">-</marc:subfield><marc:subfield code="g">0</marc:subfield><marc:subfield code="k">TA</marc:subfield></marc:datafield><marc:datafield tag="945" ind1=" " ind2=" "><marc:subfield code="l">main </marc:subfield></marc:datafield></marc:record>
</marc:collection>
